<?xml version="1.0" encoding="UTF-8"?><collection xmlns="http://www.loc.gov/MARC21/slim"><record><leader>00525nam--2200169-i-4500</leader><controlfield tag="001">000011994</controlfield><controlfield tag="002">20161230</controlfield><controlfield tag="005">20170305223005</controlfield><controlfield tag="008">060222s1000------------r-----000-0-eng-d</controlfield><datafield ind1=" " ind2=" " tag="040"><subfield code="a">IFIN-HH</subfield></datafield><datafield ind1=" " ind2=" " tag="080"><subfield code="a">621.039.8(73)</subfield></datafield><datafield ind1="1" ind2=" " tag="100"><subfield code="a">Hogerton, John F</subfield></datafield><datafield ind1="1" ind2="0" tag="245"><subfield code="a">Atoms for peace. USA 1958. A pictorial survey prepared by Arthur D. Little for the USA Energy Commission</subfield><subfield code="c">John F. Hogerton</subfield></datafield><datafield ind1=" " ind2=" " tag="260"><subfield code="a">Oak Ridge</subfield><subfield code="b">Oak Ridge National Laboratory</subfield><subfield code="c">1958</subfield></datafield><datafield ind1=" " ind2=" " tag="300"><subfield code="a">162 p</subfield></datafield><datafield ind1=" " ind2=" " tag="852"><subfield code="a">44419</subfield><subfield code="c">H.H</subfield></datafield><datafield ind1=" " ind2=" " tag="CAT"><subfield code="a">SYS</subfield><subfield code="c">20170305</subfield><subfield code="h">223005</subfield></datafield></record></collection>